@book{1,
  title={The Bulletin of Symbolic Logic},
  author={D. Prisco, C},
  volume={8},
  year={2015},
  publisher={Association for Symbolic Logic}
}

@book{2,
  title={Kurt Gödel y la crisis de los fundamentos},
  author={Abeliuk, A},
  year={2020},
  publisher={Universidad de Chile}
  url={https://users.dcc.uchile.cl/~aabeliuk/documents/godel.pdf}
}

@book{3,
  title={kurt-godel-jaque-a-la-logica},
  author={Gutiérrez, I},
  year={2016},
  publisher={Escuela de Ingeniería de Gipuzkoa (Donostia)}
  url={www.ehu.eus/ehusfera/epdzabaldu/2016/06/29/kurt-godel-jaque-a-la-logica/}
}

@book{4,
  title={Así terminó el sueño de las matemáticas infalibles (y de paso, nació la computación moderna)},
  author={Maestre, N},
  url={//www.bbvaopenmind.com/ciencia/matematicas/asi-termino-el-sueno-de-las-matematicas-infalibles/?utm_source=materia&utm_medium=facebook&tipo=elabora&cid=soc:afl:fb:----materia:--:::::::sitlnk:materia:&fbclid=IwAR2oBVdboWbxmrIAqVbiA2hZrBTjcvLSl6RQ5Fh5UQX2ZvvybK8MlpGi3gM},
  year={2018},
  publisher={BBVA}
}
Nelo Maestre and Á. Timón, “,” 2018. https://www.bbvaopenmind.com/ciencia/matematicas/asi-termino-el-sueno-de-las-matematicas-infalibles/?utm_source=materia&utm_medium=facebook&tipo=elabora&cid=soc:afl:fb:----materia:--:::::::sitlnk:materia:&fbclid=IwAR2oBVdboWbxmrIAqVbiA2hZrBTjcvLSl6RQ5Fh5UQX2ZvvybK8MlpGi3gM (accessed Sep. 20, 2018).
